@article {Ricart,
    author = "Glenn Ricart and Ashok K. Agrawala",
    title = "An Optimal Algorithm for Mutual Exclusion in Computer Networks",
    journal = "Communications of the ACM",
    volume = "24",
    number = "1",
    pages = "9-17",
    year = "1981"
}

@misc {VerteilteSysteme,
    author = "Dr. Christian Werner",
    title = "Verteilte Systeme: 5. Synchronisation",
    url = "https://www.ibr.cs.tu-bs.de/courses/ss11/vs/VS-Kap05-Synchronisation-Single.pdf"
}
